
@inproceedings{santos_approaches_2018,
	address = {Cham},
	series = {Advances in {Intelligent} {Systems} and {Computing}},
	title = {Approaches for {Generating} {Empathy}: {A} {Systematic} {Mapping}},
	isbn = {978-3-319-54978-1},
	shorttitle = {Approaches for {Generating} {Empathy}},
	doi = {10.1007/978-3-319-54978-1_89},
	language = {en},
	booktitle = {Information {Technology} - {New} {Generations}},
	publisher = {Springer International Publishing},
	author = {Santos, Breno Santana and Júnior, Methanias Colaço and Nunes, Maria Augusta S. N.},
	editor = {Latifi, Shahram},
	year = {2018},
	keywords = {Empathy, HCI, Rapport, Secondary study, Systematic mapping study},
	pages = {715--722},
}


@article{alrowais_modified_2023,
	title = {Modified {Earthworm} {Optimization} {With} {Deep} {Learning} {Assisted} {Emotion} {Recognition} for {Human} {Computer} {Interface}},
	volume = {11},
	issn = {2169-3536},
	url = {https://ieeexplore.ieee.org/document/10091537/},
	doi = {10.1109/ACCESS.2023.3264260},
	language = {en},
	urldate = {2024-01-15},
	journal = {IEEE Access},
	author = {Alrowais, Fadwa and Negm, Noha and Khalid, Majdi and Almalki, Nabil and Marzouk, Radwa and Mohamed, Abdullah and Al Duhayyim, Mesfer and Alneil, Amani A},
	year = {2023},
	pages = {35089--35096},
}


@inproceedings{jaiswal_facial_2020,
	title = {Facial {Emotion} {Detection} {Using} {Deep} {Learning}},
	url = {https://ieeexplore.ieee.org/document/9154121},
	doi = {10.1109/INCET49848.2020.9154121},
	urldate = {2024-01-16},
	booktitle = {2020 {International} {Conference} for {Emerging} {Technology} ({INCET})},
	author = {Jaiswal, Akriti and Krishnama Raju, A. and Deb, Suman},
	month = jun,
	year = {2020},
	pages = {1--5}
}

@article{Alrowais2023,
   author = {Fadwa Alrowais and Noha Negm and Majdi Khalid and Nabil Almalki and Radwa Marzouk and Abdullah Mohamed and Mesfer Al Duhayyim and Amani A. Alneil},
   doi = {10.1109/ACCESS.2023.3264260},
   issn = {21693536},
   journal = {IEEE Access},
   keywords = {Human-computer interaction,artificial intelligence,deep learning,earthworm optimization algorithm,emotion recognition},
   pages = {35089-35096},
   publisher = {Institute of Electrical and Electronics Engineers Inc.},
   title = {Modified Earthworm Optimization With Deep Learning Assisted Emotion Recognition for Human Computer Interface},
   volume = {11},
   year = {2023},
}

@article{Martinez2017,
   author = {Julieta Martinez and Michael J. Black and Javier Romero},
   doi = {10.1109/CVPR.2017.497},
   isbn = {9781538604571},
   journal = {Proceedings - 30th IEEE Conference on Computer Vision and Pattern Recognition, CVPR 2017},
   month = {11},
   pages = {4674-4683},
   publisher = {Institute of Electrical and Electronics Engineers Inc.},
   title = {On human motion prediction using recurrent neural networks},
   volume = {2017-January},
   year = {2017},
}

@article{Lecun2015,
   author = {Yann Lecun and Yoshua Bengio and Geoffrey Hinton},
   doi = {10.1038/nature14539},
   issn = {1476-4687},
   issue = {7553},
   journal = {Nature 2015 521:7553},
   keywords = {Computer science,Mathematics and computing},
   month = {5},
   pages = {436-444},
   pmid = {26017442},
   publisher = {Nature Publishing Group},
   title = {Deep learning},
   volume = {521},
   url = {https://www.nature.com/articles/nature14539},
   year = {2015},
}

@article{Cirneanu2023,
   author = {Andrada Livia Cîrneanu and Dan Popescu and Dragoș Iordache},
   doi = {10.3390/S23167092},
   issn = {1424-8220},
   issue = {16},
   journal = {Sensors 2023, Vol. 23, Page 7092},
   keywords = {artificial intelligence,deep learning,facial emotion recognition,neural network},
   month = {8},
   pages = {7092},
   pmid = {37631629},
   publisher = {Multidisciplinary Digital Publishing Institute},
   title = {New Trends in Emotion Recognition Using Image Analysis by Neural Networks, A Systematic Review},
   volume = {23},
   url = {https://www.mdpi.com/1424-8220/23/16/7092/htm https://www.mdpi.com/1424-8220/23/16/7092},
   year = {2023},
}

@article{Mahony2020,
   author = {Niall O’Mahony and Sean Campbell and Anderson Carvalho and Suman Harapanahalli and Gustavo Velasco Hernandez and Lenka Krpalkova and Daniel Riordan and Joseph Walsh},
   doi = {10.1007/978-3-030-17795-9_10/COVER},
   isbn = {9783030177942},
   issn = {21945365},
   journal = {Advances in Intelligent Systems and Computing},
   keywords = {Computer vision,Deep learning,Hybrid techniques},
   pages = {128-144},
   publisher = {Springer Verlag},
   title = {Deep Learning vs. Traditional Computer Vision},
   volume = {943},
   url = {https://link.springer.com/chapter/10.1007/978-3-030-17795-9\_10},
   year = {2020},
}

@article{Schmidhuber2015,
   author = {Jürgen Schmidhuber},
   doi = {10.1016/J.NEUNET.2014.09.003},
   issn = {0893-6080},
   journal = {Neural Networks},
   keywords = {Deep learning,Evolutionary computation,Reinforcement learning,Supervised learning,Unsupervised learning},
   month = {1},
   pages = {85-117},
   pmid = {25462637},
   publisher = {Pergamon},
   title = {Deep learning in neural networks: An overview},
   volume = {61},
   year = {2015},
}

@article{Giannopoulos2018,
   author = {Panagiotis Giannopoulos and Isidoros Perikos and Ioannis Hatzilygeroudis},
   doi = {10.1007/978-3-319-66790-4_1/COVER},
   isbn = {9783319667898},
   issn = {21903026},
   journal = {Smart Innovation, Systems and Technologies},
   keywords = {Affective computing,Alexnet,Convolutional neural networks,Deep learning,Facial emotion recognition,GoogLeNet},
   pages = {1-16},
   publisher = {Springer Science and Business Media Deutschland GmbH},
   title = {Deep learning approaches for facial emotion recognition: A case study on FER-2013},
   volume = {85},
   url = {https://link.springer.com/chapter/10.1007/978-3-319-66790-4\_1},
   year = {2018},
}

@article{Zhao2015,
   author = {Xiaoming Zhao and Xugan Shi and Shiqing Zhang},
   doi = {10.1080/02564602.2015.1017542},
   issn = {09745971},
   issue = {5},
   journal = {IETE Technical Review},
   keywords = {Deep belief networks,Deep learning,Facial expression recognition,Feature learning,Multi-layer perceptron,Unsupervised},
   pages = {347-355},
   publisher = {Taylor & Francis},
   title = {Facial Expression Recognition via Deep Learning},
   volume = {32},
   url = {https://www.tandfonline.com/doi/abs/10.1080/02564602.2015.1017542},
   year = {2015},
}

@article{Khalifa2022,
   author = {Nour Eldeen Khalifa and Mohamed Loey and Seyedali Mirjalili},
   doi = {10.1007/S10462-021-10066-4/TABLES/5},
   issn = {15737462},
   issue = {3},
   journal = {Artificial Intelligence Review},
   keywords = {Artificial Intelligence,Data augmentation,Deep learning,GAN,Image augmentation,Machine Learning},
   month = {3},
   pages = {2351-2377},
   publisher = {Springer Science and Business Media B.V.},
   title = {A comprehensive survey of recent trends in deep learning for digital images augmentation},
   volume = {55},
   url = {https://link.springer.com/article/10.1007/s10462-021-10066-4},
   year = {2022},
}

@article{Mousavi2018,
   author = {Seyed Sajad Mousavi and Michael Schukat and Enda Howley},
   doi = {10.1007/978-3-319-56991-8_32},
   issn = {23673389},
   journal = {Lecture Notes in Networks and Systems},
   keywords = {Deep leaning,MDPs,Neural networks,Observable MDPs,Reinforcement learning},
   month = {1},
   pages = {426 - 440},
   publisher = {Springer},
   title = {Deep Reinforcement Learning: An Overview},
   volume = {16},
   year = {2018},
}

@article{Shorten2019,
   author = {Connor Shorten and Taghi M. Khoshgoftaar},
   doi = {10.1186/S40537-019-0197-0/FIGURES/33},
   issn = {21961115},
   issue = {1},
   journal = {Journal of Big Data},
   keywords = {Big data,Data Augmentation,Deep Learning,GANs,Image data},
   month = {12},
   pages = {1-48},
   publisher = {SpringerOpen},
   title = {A survey on Image Data Augmentation for Deep Learning},
   volume = {6},
   url = {https://journalofbigdata.springeropen.com/articles/10.1186/s40537-019-0197-0},
   year = {2019},
}

@article{Khan2020,
   author = {Asifullah Khan and Anabia Sohail and Umme Zahoora and Aqsa Saeed Qureshi},
   doi = {10.1007/S10462-020-09825-6},
   isbn = {0123456789},
   issn = {1573-7462},
   issue = {8},
   journal = {Artificial Intelligence Review 2020 53:8},
   keywords = {Artificial Intelligence,Computer Science,Representational capacity,Residual learning,Taxonomy,general},
   month = {4},
   pages = {5455-5516},
   publisher = {Springer},
   title = {A survey of the recent architectures of deep convolutional neural networks},
   volume = {53},
   url = {https://link.springer.com/article/10.1007/s10462-020-09825-6},
   year = {2020},
}





